@book{rumpf_book,
author = {Rumpf, Raymond},
year = {2022},
month = {01},
pages = {95--160},
title = {Electromagnetic and Photonic Simulation for the Beginner: Finite-Difference Frequency-Domain in MATLAB},
isbn = {9781630819262}
}


@online{empossible_3d_pml,
    author    = "{Rumpf, Raymond}",
    title     = "Derivation of {3D} Update Equations With a {UPML}",
    url       = "https://empossible.net/wp-content/uploads/2020/01/Lecture-Derivation-of-3D-Update-Equations-w-PML.pdf"
}